@article{blei2003latent,
  title={Latent dirichlet allocation},
  author={Blei, David M and Ng, Andrew Y and Jordan, Michael I},
  journal={Journal of machine Learning research},
  volume={3},
  number={Jan},
  pages={993--1022},
  year={2003}
}

@article{olshausen1996emergence,
  title={Emergence of simple-cell receptive field properties by learning a sparse code for natural images},
  author={Olshausen, Bruno A and Field, David J},
  journal={Nature},
  volume={381},
  number={6583},
  pages={607--609},
  year={1996},
  publisher={Nature Publishing Group UK London}
}

@online{geniusapi,
    title = "Genius API",
    url = "https://genius.com/api-clients",
    addendum = "(accessed: January 2024)",
    keywords = "api,music,genius"
}

@article{devlin2018bert,
  title={Bert: Pre-training of deep bidirectional transformers for language understanding},
  author={Devlin, Jacob and Chang, Ming-Wei and Lee, Kenton and Toutanova, Kristina},
  journal={arXiv preprint arXiv:1810.04805},
  year={2018}
}

@article{mikolov2013efficient,
  title={Efficient estimation of word representations in vector space},
  author={Mikolov, Tomas and Chen, Kai and Corrado, Greg and Dean, Jeffrey},
  journal={arXiv preprint arXiv:1301.3781},
  year={2013}
}

@article{arora2018linear,
  title={Linear algebraic structure of word senses, with applications to polysemy},
  author={Arora, Sanjeev and Li, Yuanzhi and Liang, Yingyu and Ma, Tengyu and Risteski, Andrej},
  journal={Transactions of the Association for Computational Linguistics},
  volume={6},
  pages={483--495},
  year={2018},
  publisher={MIT Press One Rogers Street, Cambridge, MA 02142-1209, USA journals-info~â€¦}
}

@article{sparck1972statistical,
  title={A statistical interpretation of term specificity and its application in retrieval},
  author={Sparck Jones, Karen},
  journal={Journal of documentation},
  volume={28},
  number={1},
  pages={11--21},
  year={1972},
  publisher={MCB UP Ltd}
}
