@INPROCEEDINGS{790383,
  author={Efros, A.A. and Leung, T.K.},
  booktitle={Proceedings of the Seventh IEEE International Conference on Computer Vision}, 
  title={Texture synthesis by non-parametric sampling}, 
  year={1999},
  volume={2},
  number={},
  pages={1033-1038 vol.2},
  keywords={Sampling methods;Image sampling;Pixel;Filters;Histograms;Computer science;Integrated circuit synthesis;Computer vision;Image texture analysis;Application software},
  doi={10.1109/ICCV.1999.790383}}
