@article{bar2024lumiere,
  title={Lumiere: A space-time diffusion model for video generation},
  author={Bar-Tal, Omer and Chefer, Hila and Tov, Omer and Herrmann, Charles and Paiss, Roni and Zada, Shiran and Ephrat, Ariel and Hur, Junhwa and Li, Yuanzhen and Michaeli, Tomer and others},
  journal={arXiv preprint arXiv:2401.12945},
  year={2024}
}

@article{bai2023sequential,
  title={Sequential modeling enables scalable learning for large vision models},
  author={Bai, Yutong and Geng, Xinyang and Mangalam, Karttikeya and Bar, Amir and Yuille, Alan and Darrell, Trevor and Malik, Jitendra and Efros, Alexei A},
  journal={arXiv preprint arXiv:2312.00785},
  year={2023}
}
